@article{benelQuelleInterdisciplinaritePour2014,
  title = {Quelle Interdisciplinarit{\'e} Pour Les << Humanit{\'e}s Num{\'e}riques >> ?},
  author = {B{\'e}nel, Aur{\'e}lien},
  year = {2014},
  month = dec,
  journal = {Les cahiers du num{\'e}rique},
  volume = {10},
  number = {4},
  pages = {103--132},
  issn = {14693380},
  doi = {10.3166/lcn.10.4.103-132},
  urldate = {2024-08-29},
  file = {C:\Users\DELL\Zotero\storage\SSRTA3NQ\Bénel - 2014 - Quelle interdisciplinarité pour les « humanités nu.pdf},
  keywords = {Collab}  
}
@book{bouchezEntrepriseEreDigital2016,
  title = {{L'entreprise {\`a} l'{\`e}re du digital: les nouvelles pratiques collaboratives}},
  shorttitle = {{L'entreprise {\`a} l'{\`e}re du digital}},
  author = {Bouchez, Jean-Pierre},
  year = {2016},
  series = {{M{\'e}thodes \& recherches}},
  publisher = {{De Boeck sup{\'e}rieur}},
  address = {{Louvain-la-Neuve (Belgique)}},
  isbn = {978-2-8073-0620-2},
  langid = {fre},
  lccn = {658.406},
  keywords = {Collab}
}

@article{buhlerDossierInterdisciplinariteJeune2006,
  title = {{Dossier Interdisciplinarit{\'e}. Le jeune chercheur et l'interdisciplinarit{\'e} en sciences sociales: Des pratiques remises en question}},
  shorttitle = {{Dossier Interdisciplinarit{\'e}. Le jeune chercheur et l'interdisciplinarit{\'e} en sciences sociales}},
  author = {B{\"u}hler, {\`E}ve Anne and Cavaill{\'e}, Fabienne and Gambino, M{\'e}lanie},
  year = {2006},
  month = oct,
  journal = {Natures Sciences Soci{\'e}t{\'e}s},
  volume = {14},
  number = {4},
  pages = {392--398},
  issn = {1240-1307, 1765-2979},
  doi = {10.1051/nss:2007007},
  urldate = {2024-08-28},
  langid = {french},
  file = {E:\Memoire\Le jeune chercheur et l'interdisciplinarité en sciences sociales.pdf},
  keywords = {Collab}
}

@article{DefMulti,
    author = {Delattre, Pierre},
    title = {Multidisciplinarité},
    journal = {agora.qc.ca},
    year = 2024
}

@book{franceEtatEnseignementSuperieur07,
  title = {{L'{\'e}tat de l'Enseignement sup{\'e}rieur et de la Recherche en France. {\'E}dition 2019}},
  editor = {{France} and {France}},
  year = {7},
  publisher = {{SIES}},
  address = {{Paris}},
  abstract = {En 2017, la collectivit{\'e} nationale a d{\'e}pens{\'e} 31,4 milliards d'euros (Md{\texteuro}) pour l'enseignement sup{\'e}rieur, soit une progression de 1,0 \% par rapport {\`a} 2015 (en prix constants, c'est-{\`a}-dire corrig{\'e}s de l'inflation) (fiche 01). Cette d{\'e}pense a connu une forte croissance depuis 1980 : elle a {\'e}t{\'e} multipli{\'e}e par 2,7 (en prix constants) avec une augmentation moyenne annuelle de 2 \%. En 2017, la d{\'e}pense moyenne par {\'e}tudiant s'{\'e}l{\`e}ve {\`a} 11 670 euros. Elle est un peu sup{\'e}rieure {\`a} la d{\'e}pense moyenne pour un {\'e}l{\`e}ve du second degr{\'e} (10 990 euros en 2016). La d{\'e}pense moyenne par {\'e}tudiant s'est un peu r{\'e}duite au cours des toutes derni{\`e}res ann{\'e}es, sous l'effet de la vive progression des effectifs {\'e}tudiants. Ainsi, la d{\'e}pense moyenne par {\'e}tudiant s'est r{\'e}duite de 5 \% en cinq ans, alors m{\^e}me que le nombre d'{\'e}tudiants inscrits progressait de pr{\`e}s de 10 \%. Sa progression est n{\'e}anmoins forte sur longue p{\'e}riode, avec une croissance de quelques 40 \% depuis 1980. Le co{\^u}t par {\'e}tudiant est diff{\'e}rent selon les fili{\`e}res de formation : il varie de 10 330 euros en moyenne par an pour un {\'e}tudiant d'universit{\'e} jusqu'{\`a} 15 760 euros pour un {\'e}l{\`e}ve de CPGE. Le diff{\'e}rentiel s'explique en grande partie par le taux d'encadrement p{\'e}dagogique},
  isbn = {978-2-11-155084-1},
  langid = {fre},
  keywords = {Collab}
}

@book{InterdisciplinariteSansConcession2023,
  title = {L'interdisciplinarit{\'e} sans Concession},
  author = {Réseau national des Maisons des sciences de l’homme (dir\.)},
  year = {2023},
  series = {Collection {{Athena}}},
  publisher = {{Athena, Alliance th{\'e}matique nationale des sciences humaines et sociales}},
  address = {{Paris}},
  isbn = {979-10-93170-21-3},
  keywords = {Collab}
}

@article{louvelCeQueInterdisciplinarite2015,
  title = {Ce Que l'interdisciplinarit{\'e} Fait Aux Disciplines: {{Une}} Enqu{\^e}te Sur La Nanom{\'e}decine En {{France}} et En {{Californie}}},
  shorttitle = {Ce Que l'interdisciplinarit{\'e} Fait Aux Disciplines},
  author = {Louvel, S{\'e}verine},
  year = {2015},
  month = mar,
  journal = {Revue fran{\c c}aise de sociologie},
  volume = {Vol. 56},
  number = {1},
  pages = {75--103},
  issn = {0035-2969},
  doi = {10.3917/rfs.561.0075},
  urldate = {2024-08-28},
  abstract = {L'essor de l'interdisciplinarit{\'e} dans les sciences suscite de nombreuses interrogations quant {\`a} l'avenir des disciplines~: dans quelle mesure demeurent-elles des unit{\'e}s centrales de diff{\'e}renciation des sciences~? Sont-elles amen{\'e}es {\`a} dispara{\^i}tre ou {\`a} se recomposer sous l'effet de dynamiques scientifiques, et de pressions politiques, favorables {\`a} l'interdisciplinarit{\'e}~? Cet article propose d'{\'e}tudier les cons{\'e}quences de la coop{\'e}ration interdisciplinaire sur les territoires et les fronti{\`e}res des disciplines. {\`A} la diff{\'e}rence des travaux de sociologie des sciences qui abordent cette question, nous mettons moins l'accent sur les dimensions cognitives des disciplines que sur leurs dimensions sociales. En particulier, nous nous demandons dans quelle mesure l'interdisciplinarit{\'e} peut repr{\'e}senter une ressource d'action et aider les disciplines en pr{\'e}sence {\`a} consolider leurs institutions. Une {\'e}tude empirique conduite sur la nanom{\'e}decine en France et en Californie nous am{\`e}ne {\`a} mettre en {\'e}vidence deux {\'e}l{\'e}ments favorables au renforcement des territoires disciplinaires au contact de l'interdisciplinarit{\'e}~: d'une part, des pratiques interdisciplinaires propices au travail de d{\'e}marcation vis-{\`a}-vis d'approches ant{\'e}rieures ou concurrentes~; d'autre part, la plasticit{\'e} des fronti{\`e}res disciplinaires, qui autorise l'extension de la juridiction des disciplines.},
  file = {C:\Users\DELL\Zotero\storage\CY9LYKNM\Louvel - 2015 - Ce que l’interdisciplinarité fait aux disciplines.pdf},
  keywords = {Collab}
}

@article{morinInterdisciplinarite1994,
  title = {Sur l'interdisciplinarit{\'e}},
  author = {Morin, Edgar},
  year = {1994},
  month = jun,
  journal = {Bulletin Interactif du Centre International de Recherches et {\'E}tudes transdisciplinaires},
  volume = {n{$^\circ$}2},
  keywords = {Collab}
}
