@article{bianne-bernardModelisationHMMContexte2011,
  title = {{Mod{\'e}lisation de HMM en contexte avec des arbres de d{\'e}cision pour la reconnaissance de mots manuscrits}},
  author = {{Bianne-Bernard}, Anne-Laure and Kermovant, Christopher and {Likformann-Sulem}, Laurence and Mokbel, Chafic},
  year = {2011},
  month = aug,
  journal = {Document num{\'e}rique},
  volume = {14},
  number = {2},
  pages = {29--52},
  issn = {12795127},
  doi = {10.3166/dn.14.2.29-52},
  urldate = {2024-08-28},
  abstract = {This paper presents an HMM-based recognizer for the off-line recognition of handwritten words. Word models are the concatenation of context-dependent character models: the trigraphs. Due to the large number of possible context-dependent models to compute, a clustering is applied on each state position, based on decision trees. Our system is shown to perform better than a baseline context independent system, and reaches an accuracy higher than 80\% on the publicly available Rimes database.},
  langid = {french},
  file = {E:\Memoire\Modélisation de HMM en contexte avec des arbres de décision pour la reconnaissance de mots manuscrits.pdf},
  keywords = {DB -BD}
}

@book{borgmanQuEstceQue2020,
  title = {{Qu'est-ce que le travail scientifique des donn{\'e}es ?: Big data, little data, no data}},
  shorttitle = {{Qu'est-ce que le travail scientifique des donn{\'e}es ?}},
  author = {Borgman, Christine L.},
  year = {2020},
  publisher = {{OpenEdition Press}},
  doi = {10.4000/books.oep.14692},
  urldate = {2024-08-28},
  isbn = {979-10-365-5038-6},
  langid = {french},
  file = {E:\Memoire\Le travail scientifique des données (Livre).pdf},
  keywords = {DB - BD}
}

@book{brasseurEnjeuxUsagesBig2016,
  title = {{Enjeux et usages du big data}},
  author = {Brasseur, Christophe},
  year = {2016},
  series = {{Information num{\'e}rique}},
  edition = {2e {\'e}d},
  publisher = {{Lavoisier-Herm{\`e}s}},
  address = {{Paris}},
  isbn = {978-2-7462-4758-1},
  langid = {fre},
  lccn = {658.403 8011},
  keywords = {DB - BD}
}

@article{brasseurUsagesVisuelsDonnees2015,
  title = {Usages Visuels Des Donn{\'e}es \& {{Big}} Data:},
  shorttitle = {Usages Visuels Des Donn{\'e}es \& {{Big}} Data},
  author = {Brasseur, Christophe},
  year = {2015},
  month = jun,
  journal = {I2D - Information, donn{\'e}es \& documents},
  volume = {Volume 52},
  number = {2},
  pages = {44--46},
  issn = {2428-2111},
  doi = {10.3917/i2d.152.0044},
  urldate = {2024-08-28},
  abstract = {[enseignement] Pour donner du sens de mani{\`e}re efficace aux donn{\'e}es massives, leur visualisation sous une forme graphique doit allier cr{\'e}ativit{\'e} et simplicit{\'e}.},
  keywords = {DB - BD}
}

@article{charaudeauDemainArchivageBig2015,
  title = {{Et demain ? Archivage et big data}},
  shorttitle = {{Et demain ?}},
  author = {Charaudeau, Marie-Odile and Fritel, Alexis and Huot, Charles and Martin, Philippe and Pr{\'e}vel, Laurent},
  year = {2015},
  journal = {La Gazette des archives},
  volume = {240},
  number = {4},
  pages = {373--384},
  issn = {0016-5522},
  doi = {10.3406/gazar.2015.5319},
  urldate = {2024-08-28},
  langid = {french},
  file = {E:\Memoire\Et demain  Archivage et big data [article].pdf},
  keywords = {DB - BD}
}

@article{jaureguiberryIndividuHypermoderneFace2018,
  title = {{L'individu hypermoderne face aux big data}},
  author = {Jaur{\'e}guiberry, Francis},
  year = {2018},
  month = dec,
  journal = {Sociologie et soci{\'e}t{\'e}s},
  volume = {49},
  number = {2},
  pages = {33--58},
  issn = {1492-1375, 0038-030X},
  doi = {10.7202/1054273ar},
  urldate = {2024-08-28},
  
  langid = {french},
  file = {E:\à imprimer\L'individu hypermoderne face aux big data.pdf},
  keywords = {DB - BD}
}
