
@book{berthelotEpistemologieSciencesSociales2012,
  title = {{{\'E}pist{\'e}mologie des sciences sociales}},
  author = {Berthelot, Jean-Michel},
  year = {2012},
  series = {{Quadrige}},
  publisher = {{Presses universitaires de France}},
  address = {{Paris}},
  isbn = {978-2-13-060724-3},
  langid = {fre},
  lccn = {300.1},
  keywords = {Demo}
}

@book{bourdieuEnqueteTRAHistoire2013,
  title = {L'enqu{\^e}te {{TRA}}: Histoire d'un Outil, Outil Pour l'histoire},
  shorttitle = {L'enqu{\^e}te {{TRA}}},
  author = {Bourdieu, J{\'e}r{\^o}me and Kesztenbaum, Lionel and {Postel-Vinay}, Gilles},
  year = {2013},
  series = {Classiques de l'{\'e}conomie et de La Population. {{{\'E}tudes}} \& Enqu{\^e}tes Historiques},
  publisher = {Ined {\'e}ditions},
  address = {Paris},
  isbn = {978-2-7332-1044-4},
  lccn = {HB850.5.F8 B68 2013},
  keywords = {Demo}
}

@article{bourdieuEnqueteTRAMatrice2014,
  title = {{L'enqu{\^e}te TRA, une matrice d'histoire:}},
  shorttitle = {{L'enqu{\^e}te TRA, une matrice d'histoire}},
  author = {Bourdieu, J{\'e}r{\^o}me and Kesztenbaum, Lionel and {Postel-Vinay}, Gilles},
  year = {2014},
  month = sep,
  journal = {Population},
  volume = {Vol. 69},
  number = {2},
  pages = {217--248},
  issn = {0032-4663},
  doi = {10.3917/popu.1402.0217},
  urldate = {2024-08-28},
  langid = {french},
  keywords = {Demo}
}

@book{dupaquierHistoireDemographieStatistique1985,
  title = {Histoire de La D{\'e}mographie: La Statistique de La Population Des Origines {\`a} 1914},
  shorttitle = {Histoire de La D{\'e}mographie},
  author = {Dup{\^a}quier, Jacques and Dup{\^a}quier, Michel},
  year = {1985},
  series = {Collection {{Pour}} l'histoire},
  publisher = {{Libr. acad{\'e}mique Perrin}},
  address = {{Paris}},
  isbn = {978-2-262-00345-6},
  lccn = {HB851 .D93 1985},
  keywords = {Demo}
}

@incollection{franckHistoireStructure2012,
  title = {2 {\textendash} {{Histoire}} et Structure:},
  shorttitle = {2 {\textendash} {{Histoire}} et Structure},
  booktitle = {Quadrige},
  author = {Franck, Robert},
  year = {2012},
  month = oct,
  pages = {317--356},
  publisher = {{Presses Universitaires de France}},
  doi = {10.3917/puf.berth.2012.01.0317},
  urldate = {2024-08-28},
  isbn = {978-2-13-060724-3},
  keywords = {Demo}
}

@article{henry,
    author = {Louis Henry},
    title = {R{\'e}flexions d'un homme de l'art},
    journal = {Revue de Statistique Appliqu{\'e}e} ,
    year = {1968},
    keywords = {Demo},
}

@book{seguyPopulationFrance16702001,
  title = {{La population de la France de 1670 {\`a} 1829: l'enqu{\^e}te Louis Henry et ses donn{\'e}es}},
  shorttitle = {{La population de la France de 1670 {\`a} 1829}},
  author = {S{\'e}guy, Isabelle and Colen{\c c}on, H{\'e}l{\`e}ne},
  year = {2001},
  series = {{Classiques de l'{\'e}conomie et de la population {\'E}tudes \& enqu{\^e}tes historiques}},
  publisher = {Inst. National d'Etudes D{\'e}mographiques},
  address = {Paris},
  isbn = {978-2-7332-1023-9},
  langid = {fre},
  keywords = {Demo}
}

@article{Sgard,
    author = {Sgard, J{\'e}r{\^o}me},
    title = {Les Comptes Généraux de la Justice : une description
    statistique des institutions judiciaires de la France au
    XIX° siècle},
    journal = {HAL Sciences Po},
    year = {2010},
    keywords = {demo}
}